@misc{web4,
  author = {{World Health Origanization}},
  title = {Ambient (outdoor) air pollution},
  year = 2018,
  howpublished = {\url{https://www.who.int/en/news-room/fact-sheets/detail/ambient-(outdoor)-air-quality-and-health}},
  urldate = {2018-05-02}
}

@misc{web5,
  author = {{OECD}},
  title = {The Cost of Air Pollution},
  year = 2014,
  howpublished = {\url{http://www.oecd.org/env/the-cost-of-air-pollution-9789264210448-en.htm}},
  urldate = {2014-05-21}
}

@misc{web6,
  author = {{Ministry of Ecology and Environment of the People's Republic of China}},
  title = {2018 China Ecological Environment Bulletin},
  year = 2019,
  howpublished = {\url{http://www.mee.gov.cn/hjzl/sthjzk/zghjzkgb/201905/P020190619587632630618.pdf}},
  urldate = {2019-05-22}
}

@misc{web1,
	author = {{The State Council of China}},
	title = {The Action Plan for the Control of Air Pollution},
	howpublished = {\url{http://www.gov.cn/zwgk/2013-09/12/content_2486773.htm}},
	year ={2013},
   urldate = {2013-09-12}
}

@misc{web2,
	author = {MinistryofEnvironmentalProtectionofthePRC},
	title = {Ambient Air Quality Standard},
	howpublished = {\url{http://www.cnemc.cn/jcgf/dqhj/201711/W020181008687883046768.pdf}},
	year={2012}
}

@misc{web3,
author = {ChinaMeteorologicalAdministration},
title = {Observation and Forecast Level of Smog},
year = 2011,
howpublished = {\url{http://www.cma.gov.cn/root7/auto13139/201612/t20161213_350244.html?keywords=}},
urldate = {2011-12-29}
}

@misc{web7,
author = {{Xinhua Net}},
title = {China includes PM2.5 in the official assessment: "Reducing Haze" becomes a new trend of political achievements},
year = 2014,
howpublished = {\url{http://www.xinhuanet.com/world/2014-05/30/c_126788602.htm}},
urldate = {2014-05-30}
}

@misc{web8,
author = {{Xinhua Net}},
title = {Ministry of Environmental Protection responded to the environmental data fraud case in Xi'an: A mechanism will be established to prevent and punish data fraud},
year = 2017,
howpublished = {\url{http://www.xinhuanet.com/politics/2017-06/17/c_1121162461.htm}},
urldate = {2017-06-17}
}

@misc{web9,
author = {{Legal Daily}},
title = {The second case of environmental data fraud in China adjudicated},
year = 2018,
howpublished = {\url{http://www.legaldaily.com.cn/index/content/2018-06/24/content_7576562.htm?node=20908}},
urldate = {2018-06-24}
}

@misc{web10,
author = {Kou,Jiangze},
journal= {{People's Daily}},
title = {Air quality data is "reliable" (green focus)},
year = 2016,
howpublished = {\url{ http://society.people.com.cn/n1/2016/1210/c1008-28939097.html}},
urldate = {2016-12-10}
}

@misc{web11,
	author = {{Ministry of Ecology and Environment of the People's Republic of China}},
	title = {Action plan for ecological environment monitoring quality supervision and inspection (2018-2020)},
	year = 2018,
	howpublished = {\url{ http://society.people.com.cn/n1/2016/1210/c1008-28939097.html}},
	urldate = {2018-08-03}
}

@misc{web12,
	author = {Jessica Learish},
	title = {The most polluted cities in the world, ranked},
	year = 2018,
	howpublished = {\url{ https://www.cbsnews.com/pictures/the-most-polluted-cities-in-the-world-ranked/30.html}}
}


@article{OECD,
   author = "Rana Roy and Nils Axel Braathen",
   title = "The Rising Cost of Ambient Air Pollution thus far in the 21st Century",
   year = "2017",
   number = "124", 
   journal = {OECD Environment Working Papers},
   url = "https://www.oecd-ilibrary.org/content/paper/d1b2b844-en",
   doi = "https://doi.org/https://doi.org/10.1787/d1b2b844-en" 
}

@article{article2,
author={Lv, Lianhong and Luo, Hong and Zhang, Xingfang},
title={Recent air pollution conditions, prevention policies and impacts on energy consumption in China},
journal={Energy of China},
year={2008}
}

@article{article1,
author = {Xu, P. and Chen, Y. -F. and Ye, X. -J.},
year = {2013},
month = {12},
pages = {2067},
title = {Haze, air pollution, and health in China},
volume = {382},
journal = {Lancet},
doi = {10.1016/S0140-6736(13)62693-8}
}

@article{article4,
	author={Raaschounielsen and Ole and et al.},
	title={Air pollution and lung cancer incidence in 17 European cohorts: prospective analyses from the European Study of Cohorts for Air Pollution Effects (ESCAPE)},
	journal={Lancet Oncology},
	volume = {14},
	number={9},
	pages={813-822},
	year={2013}
}


@article{article5,
	author={Pope and C. Arden and Douglas W. Dockery},
	title={Health Effects of Fine Particulate Air Pollution: Lines that Connect},
	journal={Journal of the Air $\&$ Waste Management Association},
	volume = {56},
	number={10},
	pages={709-742},
	year={2006}
}

@article{article6,
	author={Beelen, Rob and Raaschounielsen, Ole and Stafoggia, Massimo},
	title = {Effects of long-term exposure to air pollution on natural-cause mortality: an analysis of 22 European cohorts within the multicentre ESCAPE project}, 
	journal = {The Lancet}, 
	volume = {383}, 
	number = {9919},
	pages = {785-795}, 
	year = {2014}
} 

@article{lung,
    author = {Pope III, C. Arden and Burnett, Richard T. and Thun, Michael J. and Calle, Eugenia E. and Krewski, Daniel and Ito, Kazuhiko and Thurston, George D.},
    title = "{Lung Cancer, Cardiopulmonary Mortality, and Long-term Exposure to Fine
Particulate Air Pollution}",
    journal = {JAMA},
    volume = {287},
    number = {9},
    pages = {1132-1141},
    year = {2002},
    month = {03},
    issn = {0098-7484},
    doi = {10.1001/jama.287.9.1132},
    url = {https://doi.org/10.1001/jama.287.9.1132},
    eprint = {https://jamanetwork.com/journals/jama/articlepdf/194704/joc11435.pdf},
}

@article{article11,
author = {Rohde, Robert and Muller, Richard},
year = {2015},
month = {08},
pages = {e0135749},
title = {Air Pollution in China: Mapping of Concentrations and Sources},
volume = {10},
journal = {PloS one},
doi = {10.1371/journal.pone.0135749}
}

@article{article12,
author = {Cao, Chang and Lee, Xuhui and Liu, Shoudong and Schultz, Natalie and Xiao, Wei and Zhang, Mi and Zhao, Lei},
year = {2016},
month = {08},
pages = {12509},
title = {Urban heat islands in China enhanced by haze pollution},
volume = {7},
journal = {Nature communications},
doi = {10.1038/ncomms12509}
}

@article{article13,
author = {Wang, Fu and Guo, Jianping and Huang, Jingfeng and Min, Min and Chen, Tianmeng and Liu, Huan and Minjun, Deng and Li, Xiaowen},
year = {2015},
month = {07},
pages = {},
title = {Multi-sensor quantification of aerosol-induced variability in warm clouds over eastern China},
volume = {113},
journal = {Atmospheric Environment},
doi = {10.1016/j.atmosenv.2015.04.063}
}

@article{article14,
author = {Xie, Yang and Dai, Hancheng and Dong, Huijuan and Hanaoka, Tatsuya and Masui, Toshihiko},
year = {2016},
month = {04},
pages = {},
title = {Economic Impacts from PM2.5 Pollution-Related Health Effects in China: A Provincial-Level Analysis},
volume = {50},
journal = {Environmental science and technology},
doi = {10.1021/acs.est.5b05576}
}

@article{article15,
author = {Qi, Zihan and Chen, Tingjia and Chen, Jiang and Qi, Xiaofei},
year = {2017},
month = {12},
pages = {},
title = {Ambient PM 2.5 in China: its negative impacts and possible countermeasures},
volume = {68},
journal = {Journal of the Air and Waste Management Association},
doi = {10.1080/10962247.2017.1405096}
}

@article{article7,
	author={Hoek, Gerard and Krishnan, Ranjini M and Beelen, Rob},
	title={Long-term air pollution exposure and cardio-Respiratory mortality: A review},
	journal={Environmental Health},
	volume = {12},
	number = {1},
	pages={43-43},
	year={2013}
}


@article{article8,
	author={Sapkota and Amir and et al},
	title={Exposure to particulate matter and adverse birth outcomes: a comprehensive review and meta-analysis},
	journal={Air Quality, Atmosphere $\&$ Health},
	volume = {5},
	number = {4},
	pages={369-381},
	year={2012}
}

@article{article9,
	author={Gu, Xiaohe and Wang, Lei and Zhuang, Wei},
	title={Reduction of wheat photosynthesis by fine particulate (PM2.5) pollution over the North China Plain},
	journal={International Journal of Environmental Health Research},
	volume = {28},
	number = {6},
	pages={635-641},
	year={2018}
}

@article{article10,
	author={Zhou, Li and Chen, Xiaohong and Tian, Xi},
	title={The Impact of Fine Particulate Matter (PM 2.5) on Chinaâ€™s Agricultural Production from 2001 to 2010},
	journal={Journal of Cleaner Production},
	volume = {131-141},
	year={2018}
}

@article{airflow,
author = {Wang, C. and Jiang, H. and et al},
title = {A key study on spatial source distribution of PM2.5 based on the airflow trajectory model},
journal = {International Journal of Remote Sensing},
volume = {37},
number = {24},
pages = {5864-5883},
year  = {2016},
publisher = {Taylor & Francis},
doi = {10.1080/01431161.2016.1251628}
}

@article{supporttemporal1,
	title={Characteristics of PM2.5 Concentrations across Beijing during 2013-2015.},
	author={Batterman, Stuart and Xu, Lizhong and Chen, Feng and Chen, Fang and Zhong, Xuefen},
	journal={Atmospheric Environment},
	volume={145},
	pages={104--114},
	year={2016}}


@inproceedings{supportcontent,
	title={VAR model of PM2. 5, weather and traffic in Los Angeles-long beach area},
	author={Wang, Weiqiang and Niu, Zhendong},
	booktitle={2009 International Conference on Environmental Science and Information Application Technology},
	volume={3},
	pages={66--69},
	year={2009},
	organization={IEEE}
}

@INPROCEEDINGS{supporttemporal2,
	author = {{A{\u{g}}a{\c{c}}}, K{\"u}bra and {Ko{\c{c}}ak}, Kas{\i}m and
	{Deniz}, Ali},
	title = "{Simulation And Forecasting of Daily Pm10 Concentrations Using Autoregressive Models In Kagithane Creek Valley, Istanbul}",
	booktitle = {EGU General Assembly Conference Abstracts},
	year = "2015",
	series = {EGU General Assembly Conference Abstracts},
	month = "Apr",
	eid = {5737},
	pages = {5737},
	adsurl = {https://ui.adsabs.harvard.edu/abs/2015EGUGA..17.5737A},
	adsnote = {Provided by the SAO/NASA Astrophysics Data System}
}
